@book{lamport1994latex,
  title={LATEX: a document preparation system: user's guide and reference manual},
  author={Lamport, Leslie},
  year={1994},
  publisher={Addison-wesley}
}

@misc{ loopclosure,
      title = "Loop closure detection",
      url = "https://github.com/introlab/rtabmap/wiki/Loop-closure-detection",
      publisher = "IntRoLab, Canada",
      author = "Mathieu Labbe",
      howpublished = "\url{https://github.com/introlab/rtabmap/wiki/Loop-closure-detection}"

}

@misc{ rosrtabmap,
      title = "RTAB-Map's ros-pkg",
      url = "http://wiki.ros.org/rtabmap_ros",
      publisher = "ROS.org",
      author = "Mathieu Labbe",
      howpublished = "\url{http://wiki.ros.org/rtabmap_ros}"

}



@misc{ rtabdbviewer,
      title = "Database viewer",
      url = "https://github.com/introlab/rtabmap/wiki/Tools#database-viewer",
      publisher = "IntRoLab, Canada",
      author = "Mathieu Labbe",
      howpublished = "\url{https://github.com/introlab/rtabmap/wiki/Tools#database-viewer}"

}


@misc{ occgripmap,
      title = "Occupancy Grid Mapping",
      url = "https://en.wikipedia.org/wiki/Occupancy_grid_mapping",
      publisher = "Wikipedia.org",
      author = "Multiple",
      howpublished = "\url{https://en.wikipedia.org/wiki/Occupancy_grid_mapping}"

}


@misc{ gridslam,
      title = "Grid SLAM",
      url = "http://ais.informatik.uni-freiburg.de/teaching/ws12/mapping/pdf/slam13-gridfastslam.pdf",
      publisher = "Uni Freiburg",
      author = "Cyrill Stachniss",
      howpublished = "\url{http://ais.informatik.uni-freiburg.de/teaching/ws12/mapping/pdf/slam13-gridfastslam.pdf}"

}



@misc{ graphslam,
      title = "Graph SLAM",
      url = "https://en.wikipedia.org/wiki/GraphSLAM",
      publisher = "Wikipedia.org",
      author = "Multiple",
      howpublished = "\url{https://en.wikipedia.org/wiki/GraphSLAM}"

}


@misc{ vbow,
      title = "Graph SLAM",
      url = "https://en.wikipedia.org/wiki/Bag-of-words_model_in_computer_vision",
      publisher = "Wikipedia.org",
      author = "Multiple",
      howpublished = "\url{https://en.wikipedia.org/wiki/Bag-of-words_model_in_computer_vision}"

}

@misc{ surf,
      title = "Introduction to SURF",
      url = "http://opencv-python-tutroals.readthedocs.io/en/latest/py_tutorials/py_feature2d/py_surf_intro/py_surf_intro.html",
      publisher = "Web",
      author = "Alexander Mordvintsev & Abid K.",
      howpublished = "\url{http://opencv-python-tutroals.readthedocs.io/en/latest/py_tutorials/py_feature2d/py_surf_intro/py_surf_intro.html}"

}